@Book{CCNLG2017:2017,
  editor    = {{G}on\c{c}alo {O}liveira, {H}ugo and Burtenshaw, Ben and Kestemont, Mike  and De Smedt, Tom},
  title     = {{P}roceedings of the {W}orkshop on {C}omputational {C}reativity in {N}atural {L}anguage {G}eneration ({CC}-{NLG} 2017)},
  month     = {September},
  year      = {2017},
  address   = {Santiago de Compostela, Spain},
  publisher = {Association for Computational Linguistics},
  url       = {http://www.aclweb.org/anthology/W/W17/W17-39},
  issn      = {978-1-945626-81-4}
}

@InProceedings{CCNLG2017-INTRO:2017:CCNLG2017,
  author    = {{G}on\c{c}alo {O}liveira, {H}ugo and {B}urtenshaw, {B}en and Kestemont, {M}ike  and {D}e {S}medt, {T}om},
  title     = {{I}ntroduction to the {P}roceedings of the {W}orkshop on {C}omputational {C}reativity in {N}atural {L}anguage {G}eneration ({CC}-{NLG} 2017)},
  booktitle = {{P}roceedings of the {W}orkshop on {C}omputational {C}reativity in {N}atural {L}anguage {G}eneration ({CC}-{NLG} 2017)},
  month     = {September},
  year      = {2017},
  address   = {Santiago de Compostela, Spain},
  publisher = {Association for Computational Linguistics},
  url       = {http://www.aclweb.org/anthology/W17-3900}
}

@InProceedings{astigarragaEtAl:2017:CCNLG2017,
  author    = {{A}stigarraga, {A}itzol and {M}ar\'{\i}a {M}art\'{\i}nez-{O}tzeta, {J}os\'{e} and {R}odriguez {R}odriguez, {I}gor and {S}ierra, {B}asilio and {L}azkano, {E}lena},
  title     = {{P}oet's {L}ittle {H}elper: {A} methodology for computer-based poetry generation. A case study for the {B}asque language},
  booktitle = {{P}roceedings of the {W}orkshop on {C}omputational {C}reativity in {N}atural {L}anguage {G}eneration ({CC}-{NLG} 2017)},
  month     = {September},
  year      = {2017},
  address   = {Santiago de Compostela, Spain},
  publisher = {Association for Computational Linguistics},
  pages     = {1--9},
  url       = {http://www.aclweb.org/anthology/W17-3901}
}

@InProceedings{gervas:2017:CCNLG2017,
  author    = {{G}erv\'{a}s, {P}ablo},
  title     = {{T}emplate-{F}ree {C}onstruction of {R}hyming {P}oems with {T}hematic {C}ohesion},
  booktitle = {{P}roceedings of the {W}orkshop on {C}omputational {C}reativity in {N}atural {L}anguage {G}eneration ({CC}-{NLG} 2017)},
  month     = {September},
  year      = {2017},
  address   = {Santiago de Compostela, Spain},
  publisher = {Association for Computational Linguistics},
  pages     = {10--19},
  url       = {http://www.aclweb.org/anthology/W17-3902}
}

@InProceedings{oliveira:2017:CCNLG2017,
  author    = {{G}on\c{c}alo {O}liveira, {H}ugo},
  title     = {{O} {P}oeta {A}rtificial 2.0: {I}ncreasing {M}eaningfulness in a {P}oetry {G}eneration {T}witter bot},
  booktitle = {{P}roceedings of the {W}orkshop on {C}omputational {C}reativity in {N}atural {L}anguage {G}eneration ({CC}-{NLG} 2017)},
  month     = {September},
  year      = {2017},
  address   = {Santiago de Compostela, Spain},
  publisher = {Association for Computational Linguistics},
  pages     = {20--27},
  url       = {http://www.aclweb.org/anthology/W17-3903}
}

@InProceedings{manjavacasEtAl:2017:CCNLG2017,
  author    = {{M}anjavacas, {E}nrique and {K}arsdorp, {F}olgert and {B}urtenshaw, {B}en and {K}estemont, {M}ike},
  title     = {{S}ynthetic {L}iterature: {W}riting {S}cience {F}iction in a {C}o-{C}reative {P}rocess},
  booktitle = {{P}roceedings of the {W}orkshop on {C}omputational {C}reativity in {N}atural {L}anguage {G}eneration ({CC}-{NLG} 2017)},
  month     = {September},
  year      = {2017},
  address   = {Santiago de Compostela, Spain},
  publisher = {Association for Computational Linguistics},
  pages     = {28--36},
  url       = {http://www.aclweb.org/anthology/W17-3904}
}

@InProceedings{theofanisEtAl:2017:CCNLG2017,
  author    = {{T}heofanis {C}hourdakis, {E}mmanouil and {R}eiss, {J}oshua},
  title     = {{C}onstructing narrative using a generative model and continuous action policies},
  booktitle = {{P}roceedings of the {W}orkshop on {C}omputational {C}reativity in {N}atural {L}anguage {G}eneration ({CC}-{NLG} 2017)},
  month     = {September},
  year      = {2017},
  address   = {Santiago de Compostela, Spain},
  publisher = {Association for Computational Linguistics},
  pages     = {37--42},
  url       = {http://www.aclweb.org/anthology/W17-3905}
}

