@article{mnih2015human,
  title={Human-level control through deep reinforcement learning},
  author={Mnih, Volodymyr and others},
  journal={Nature},
  volume={518},
  number={7540},
  pages={529--533},
  year={2015},
  publisher={Nature Research}
}

@inproceedings{li2013story,
  title={Story Generation with Crowdsourced Plot Graphs.},
  author={Li, Boyang and others},
  booktitle={27th AAAI Conference},
  year={2013}
}

@inproceedings{narasimhan2015language,
  title={Language understanding for text-based games using deep reinforcement learning},
  author={Narasimhan, Karthik and others},
  booktitle={Proceedings of CEMNLP},
  year={2015}
}

@article{miller1995wordnet,
    title={{W}ord{N}et: {A} {L}exical {D}atabase for {E}nglish.},
    author={Miller, G. A.},
    journal={Communications of the {A}{C}{M}},
    volume={38},
    number={11},
    year={1995}
}

@inproceedings{mikolov2013efficient,
  title={Efficient estimation of word representations in vector space},
  author={Mikolov, Tomas and others},
  booktitle={Proceedings of ICLR},
  year={2013}
}

@book{Ash1985,
  Title                    = {{The way to write radio drama.}},
  Author                   = {Ash, W.},
  Publisher                = {Elm Tree Books},
  Year                     = {1985},

  Address                  = {London}
}

@article{Back1996,
  Title                    = {{Micro-narratives in sound design: Context, character, and caricature in waveform manipulation}},
  Author                   = {Back, M. and Des, D.},
  Journal                  = {Proceedings of the International Conference on Auditory Display},
  Year                     = {1996},

  File                     = {:home/mmxgn/Projects/Public/PhD/stage1/papers/BackDes1996.pdf:pdf},
  Url                      = {http://www.icad.org/Proceedings/1996/BackDes1996.pdf}
}

@article{baral2004,
  Title                    = {{Knowledge Representation, Reasoning and Declarative Problem Solving by C. Baral, Cambridge University Press, 2003}},
  Author                   = {Baral, C.},
  Journal                  = {Journal of functional Programming},
  Year                     = {2004},
  Number                   = {5},
  Pages                    = {588--589},
  Volume                   = {14},

  Abstract                 = {Chitta Baral},
  Doi                      = {10.1017/S0956796804215325},
  File                     = {:home/mmxgn/Projects/Public/PhD/stage1/papers/9780521818025ws.pdf:pdf},
  ISBN                     = {2002025622},
  ISSN                     = {0956-7968},
  Url                      = {http://www.journals.cambridge.org/abstract{\_}S0956796804215325}
}

@article{bell1985,
  Title                    = {{Why Expert Systems Fail}},
  Author                   = {Bell, M.Z.},
  Journal                  = {The Journal of the Operational Research Society},
  Year                     = {1985},
  Number                   = {7},
  Pages                    = {613--619},
  Volume                   = {36}
}

@book{Boden2003,
  Title                    = {{Creative Mind: Myths and Mechanisms}},
  Author                   = {Boden, M.},
  Publisher                = {boden2003},
  Year                     = {2003},

  Address                  = {New York}
}

@article{Bregman2009,
  Title                    = {{Auditory Scene Analysis}},
  Author                   = {Bregman, A. S.},
  Year                     = {2009},
  Pages                    = {729--736},

  Doi                      = {10.1016/B978-008045046-9.00246-1},
  File                     = {:home/mmxgn/Downloads/2004{\_} Encyclopedia-Soc-Behav-Sci.pdf:pdf},
  ISBN                     = {978-0-08-045046-9},
  ISSN                     = {14609568},
  Pmid                     = {18364041}
}

@article{brenner2010,
  Title                    = {{Creating Dynamic Story Plots with Continual Multiagent Planning}},
  Author                   = {Brenner, M.},
  Journal                  = {Proceedings of the Twenty-Fourth AAAI Conference on Artificial Intelligence (AAAI-10)},
  Year                     = {2010},
  Pages                    = {1517--1522},

  File                     = {:home/mmxgn/.local/share/data/Mendeley Ltd./Mendeley Desktop/Downloaded/Brenner - 2010 - Creating Dynamic Story Plots with Continual Multiagent Planning.pdf:pdf},
  ISBN                     = {9781577354666},
  Keywords                 = {Special Track -- Integrated Intelligence},
  Url                      = {http://www.aaai.org/ocs/index.php/AAAI/AAAI10/paper/download/1709/2245}
}

@article{bringsjord2000,
  Title                    = {{Artificial Intelligence and Literary Creativity: Inside the Mind of BRUTUS, a Storytelling Machine}},
  Author                   = {Bringsjord, S. and Ferrucci, D.},
  Journal                  = {Computational Linguistics},
  Year                     = {2000},
  Number                   = {4},
  Pages                    = {642--647},
  Volume                   = {26},

  Doi                      = {10.1162/coli.2000.26.4.642},
  File                     = {:home/mmxgn/.local/share/data/Mendeley Ltd./Mendeley Desktop/Downloaded/Bringsjord, Ferrucci - 2000 - Artificial Intelligence and Literary Creativity Inside the Mind of BRUTUS, a Storytelling Machine.pdf:pdf},
  ISBN                     = {080581986X},
  ISSN                     = {0891-2017},
  Pmid                     = {1790}
}

@article{cavazza2001,
  Title                    = {{Planning Characters' Behavior in Interactive Storytelling}},
  Author                   = {Cavazza, M. and and Charles, F. and Mead, S.},
  Journal                  = {Proceedings of IEEE Computer Animation},
  Year                     = {2001},
  Number                   = {2},
  Pages                    = {121--131},
  Volume                   = {13},

  Doi                      = {10.1002/vis.285},
  File                     = {:home/mmxgn/.local/share/data/Mendeley Ltd./Mendeley Desktop/Downloaded/Cavazza, Charles, Mead - 2001 - Planning Characters' Behavior in Interactive Storytelling.pdf:pdf},
  ISSN                     = {1049-8907},
  Keywords                 = {Comps readings,ai-based animation,autonomous characters,comps paper,htn planning,interactive storytelling,virtual humans}
}

@article{chambers2009,
  Title                    = {{Unsupervised Learning of Narrative Schemas and their Participants}},
  Author                   = {Chambers, N. and Jurafsky, D.},
  Year                     = {2009},
  Number                   = {August},
  Pages                    = {602--610},

  File                     = {:home/mmxgn/Projects/Public/PhD/stage1/papers/p602-chambers.pdf:pdf}
}

@book{chion1999,
  Title                    = {{The voice in cinema}},
  Author                   = {Chion, Michel},
  Publisher                = {Columbia University Press},
  Year                     = {1999}
}

@article{colton2012,
  Title                    = {{Computational creativity: The final frontier?}},
  Author                   = {Colton, S. and Wiggins, G. A.},
  Journal                  = {Frontiers in Artificial Intelligence and Applications},
  Year                     = {2012},
  Pages                    = {21--26},
  Volume                   = {242},

  Doi                      = {10.3233/978-1-61499-098-7-21},
  File                     = {:home/mmxgn/Projects/Public/PhD/stage1/papers/7488aa3da9e04a08d23531528c3c7864d516.pdf:pdf},
  ISBN                     = {9781614990970},
  ISSN                     = {09226389}
}

@article{concepcion2016,
  Title                    = {{Using CNL for Knowledge Elicitation and Exchange across Story Generation Systems}},
  Author                   = {Concepcion, E. and and Gervas, P. and and Gonzalo, M. and Leon, C.},
  Year                     = {2016},

  File                     = {:home/mmxgn/Projects/Public/PhD/stage1/papers/CNL2016-paper11.pdf:pdf}
}

@article{Elson2012,
  Title                    = {{Detecting Story Analogies from Annotations of Time, Action and Agency}},
  Author                   = {Elson, D. K.},
  Journal                  = {Third Workshop on Computational Models of Narrative (CMN)},
  Year                     = {2012},

  File                     = {:home/mmxgn/Downloads/CMN2012-Elson.pdf:pdf}
}

@article{barron2013,
  Title                    = {{Adaptive Storytelling Through User Understanding.}},
  Author                   = {Garber-Barron, M. and Si, M.},
  Journal                  = {Aiide},
  Year                     = {2013},
  Pages                    = {128--134},

  File                     = {:home/mmxgn/Downloads/7394-32671-1-PB.pdf:pdf},
  Url                      = {http://www.aaai.org/ocs/index.php/AIIDE/AIIDE13/paper/download/7394/7599}
}

@article{gervas2014,
  Title                    = {{Composing narrative discourse for stories of many characters: A case study over a chess game}},
  Author                   = {Gerv{\'{a}}s, P.},
  Journal                  = {Literary and Linguistic Computing},
  Year                     = {2014},
  Number                   = {4},
  Pages                    = {511--531},
  Volume                   = {29},

  Doi                      = {10.1093/llc/fqu040},
  File                     = {:home/mmxgn/.local/share/data/Mendeley Ltd./Mendeley Desktop/Downloaded/Gerv{\'{a}}s - 2014 - Composing narrative discourse for stories of many characters A case study over a chess game.pdf:pdf},
  ISSN                     = {14774615}
}

@article{gervasleon2014,
  Title                    = {{The Need for Multi-Aspectual Representation of Narratives in Modelling their Creative Process}},
  Author                   = {Gerv{\'{a}}s, P. and Le{\'{o}}n, C.},
  Journal                  = {Proceedings of the 5th Workshop on Computational Models of Narrative (CMN'14)},
  Year                     = {2014},

  File                     = {:home/mmxgn/Projects/Public/PhD/pdfs/The{\%}20need{\%}20for{\%}20multi-aspectual{\%}20.pdf:pdf}
}

@article{gervas2005,
 author = {Gerv\'{a}s, Pablo and D\'{\i}az-Agudo, Bel{\'e}n and Peinado, Federico and Herv\'{a}s, Raquel},
 title = {Story Plot Generation Based on CBR},
 journal = {Know.-Based Syst.},
 issue_date = {August, 2005},
 volume = {18},
 number = {4-5},
 month = aug,
 year = {2005},
 issn = {0950-7051},
 pages = {235--242},
 numpages = {8},
 url = {http://dx.doi.org/10.1016/j.knosys.2004.10.011},
 doi = {10.1016/j.knosys.2004.10.011},
 acmid = {1741709},
 publisher = {Elsevier Science Publishers B. V.},
 address = {Amsterdam, The Netherlands, The Netherlands},
 keywords = {Case based reasoning, Natural language generation},
} 


@article{Hidi2006,
  Title                    = {{The Four-Phase Model of Interest Development}},
  Author                   = {Hidi, S. and Renninger, K. A.},
  Journal                  = {Educational Psychologist},
  Year                     = {2006},
  Number                   = {2},
  Pages                    = {111--127},
  Volume                   = {41},

  Abstract                 = {Building on and extending existing research, this article proposes a 4-phase model of interest development. Themodel describes 4 phases in the development and deepening of learner inter- est: triggered situational interest,maintained situational interest, emerging (less-developed) in- dividual interest, and well-developed individual interest. Affective as well as cognitive factors are considered. Educational implications of the proposed model are identified.},
  Doi                      = {10.1207/s15326985ep4102_4},
  File                     = {:home/mmxgn/Documents/pdfs/10.1.1.521.6334.pdf:pdf},
  ISBN                     = {0046-1520},
  ISSN                     = {0046-1520},
  Pmid                     = {200610503458004}
}

@article{Jordanous2012,
  Title                    = {{A Standardised Procedure for Evaluating Creative Systems: Computational Creativity Evaluation Based on What it is to be Creative}},
  Author                   = {Jordanous, A/},
  Journal                  = {Cognitive Computation},
  Year                     = {2012},
  Number                   = {3},
  Pages                    = {246--279},
  Volume                   = {4},

  Doi                      = {10.1007/s12559-012-9156-1},
  File                     = {:home/mmxgn/.local/share/data/Mendeley Ltd./Mendeley Desktop/Downloaded/Jordanous - 2012 - A Standardised Procedure for Evaluating Creative Systems Computational Creativity Evaluation Based on What it is to b.pdf:pdf},
  ISBN                     = {1866-9956},
  ISSN                     = {18669956},
  Keywords                 = {Cognitively inspired evaluation,Computational creativity,Creativity,Creativity evaluation,Methodology,Musical creativity,evaluation},
  Mendeley-tags            = {evaluation}
}

@misc{klein1973,
  Title                    = {{Automatic Novel Writing: A Status Report}},

  Author                   = {{Klein, S. and Aeschliman, J.F. and Balsiger, D. and Converse, S.L. and Court, C. and Foster, M. and Lao, R. and Oakley, J.D. and Smith}, J.},
  Year                     = {1973},

  File                     = {:home/mmxgn/.local/share/data/Mendeley Ltd./Mendeley Desktop/Downloaded/Klein, S. and Aeschliman, J.F. and Balsiger, D. and Converse, S.L. and Court, C. and Foster, M. and Lao, R. and Oakley, J.D. and Smith -.pdf:pdf}
}

@article{leon2014,
  Title                    = {{Creativity in story generation from the ground up: Nondeterministic simulation driven by narrative}},
  Author                   = {Le{\'{o}}n, C. and Gerv{\'{a}}s, P.},
  Journal                  = {In Proceedings of 5th ICCC},
  Year                     = {2014},

  File                     = {:home/mmxgn/.local/share/data/Mendeley Ltd./Mendeley Desktop/Downloaded/Le{\'{o}}n, Gerv{\'{a}}s - 2014 - Creativity in story generation from the ground up Nondeterministic simulation driven by narrative.pdf:pdf},
  Url                      = {http://nil.fdi.ucm.es/sites/default/files/stella CRC.pdf}
}

@article{leon2011,
  Title                    = {{A Top-Down Design Methodology based on Causality and Chronology for Developing Assisted Story Generation Systems}},
  Author                   = {Le{\'{o}}n, C. and Gerv{\'{a}}s, P.},
  Journal                  = {Proceedings of the 8th ACM conference on Creativity and cognition},
  Year                     = {2011},
  Pages                    = {363--364},

  File                     = {:home/mmxgn/.local/share/data/Mendeley Ltd./Mendeley Desktop/Downloaded/Le{\'{o}}n, Gerv{\'{a}}s - 2011 - A Top-Down Design Methodology based on Causality and Chronology for Developing Assisted Story Generation Systems.pdf:pdf}
}

@article{leon2010blackbox,
  Title                    = {{Towards a Black Box Approximation to Human Processing of Narratives Based on Heuristics over Surface Form}},
  Author                   = {Le{\'{o}}n, C. and Gerv{\'{a}}s, P.},
  Journal                  = {Proceedings of 2nd CMN},
  Year                     = {2010},

  File                     = {:home/mmxgn/.local/share/data/Mendeley Ltd./Mendeley Desktop/Downloaded/Le{\'{o}}n, Gerv{\'{a}}s - 2010 - Towards a Black Box Approximation to Human Processing of Narratives Based on Heuristics over Surface Form.pdf:pdf},
  ISBN                     = {9781577354864}
}

@article{lebowitz1986,
  Title                    = {{STORY-TELLING AS PLANNING AND LEARNING Michael LEBOWITZ *}},
  Author                   = {Lebowitz, M.},
  Journal                  = {Science},
  Year                     = {1986},
  Number                   = {1985},
  Pages                    = {483--502},
  Volume                   = {14},

  File                     = {:home/mmxgn/.local/share/data/Mendeley Ltd./Mendeley Desktop/Downloaded/Lebowitz - 1986 - STORY-TELLING AS PLANNING AND LEARNING Michael LEBOWITZ.pdf:pdf}
}

@article{leon2010evaluation,
  Title                    = {{The role of evaluation-driven rejection in the successful exploration of a conceptual space of stories}},
  Author                   = {Leon, C. and Gervas, P.},
  Journal                  = {Minds and Machines},
  Year                     = {2010},
  Number                   = {4},
  Pages                    = {615--634},
  Volume                   = {20},

  Doi                      = {10.1007/s11023-010-9205-z},
  File                     = {:home/mmxgn/Projects/Public/PhD/stage1/papers/The{\_}Role{\_}of{\_}Evaluation-Driven{\_}Rejection.pdf:pdf},
  ISSN                     = {09246495}
}

@article{levinson1996,
  Title                    = {{Film music and narrative agency}},
  Author                   = {Levinson, Jerrold},
  Year                     = {1996},

  Keywords                 = {audio},
  Mendeley-tags            = {audio}
}

@article{li2013,
  Title                    = {{Story Generation with Crowdsourced Plot Graphs}},
  Author                   = {Li, B. and and Lee-Urban, S. and and Johnston, G. and Riedl, M. O.},
  Journal                  = {Proceedings of the Twenty-Seventh AAAI Conference on Artificial Intelligence},
  Year                     = {2013},
  Number                   = {Weyhrauch 1997},
  Pages                    = {598--604},

  File                     = {:home/mmxgn/.local/share/data/Mendeley Ltd./Mendeley Desktop/Downloaded/Li et al. - 2013 - Story Generation with Crowdsourced Plot Graphs.pdf:pdf},
  ISBN                     = {9781577356158},
  Keywords                 = {Technical Track},
  Url                      = {http://www.cc.gatech.edu/{~}riedl/pubs/aaai13.pdf}
}

@article{liu2002,
  Title                    = {{MAKEBELIEVE: Using Commonsense Knowledge to Generate Stories}},
  Author                   = {Liu, H. and Singh, P.},
  Journal                  = {Proceedings of the Eighteenth National Conference on Artificial Intelligence (AAAI '02)},
  Year                     = {2002},
  Pages                    = {957--958},

  File                     = {:home/mmxgn/.local/share/data/Mendeley Ltd./Mendeley Desktop/Downloaded/Liu, Singh - 2002 - MAKEBELIEVE Using Commonsense Knowledge to Generate Stories.pdf:pdf}
}

@inproceedings{lopez2015,
  title={Perceptual Evaluation of an Audio Film for Visually Impaired Audiences},
  author={Lopez, M.},
  booktitle={Audio Engineering Society Convention 138},
  year={2015},
  organization={Audio Engineering Society}
}

@article{lopez2009,
  Title                    = {{The design of an audio film for the visually impaired}},
  Author                   = {Lopez, M. and Pauletto, S.},
  Journal                  = {{\ldots} of the International Conference on Auditory {\ldots}},
  Year                     = {2009},
  Number                   = {April 2002},
  Pages                    = {1--7},

  File                     = {:home/mmxgn/Projects/Public/PhD/stage1/papers/The{\_}design{\_}of{\_}an{\_}audio{\_}film{\_}for{\_}the{\_}visually{\_}impai.pdf:pdf},
  ISBN                     = {978-87-7606-033-6},
  Keywords                 = {audio},
  Mendeley-tags            = {audio},
  Url                      = {http://www.researchgate.net/publication/228651855{\_}The{\_}design{\_}of{\_}an{\_}audio{\_}film{\_}for{\_}the{\_}visually{\_}impaired/file/72e7e52d917216ec7c.pdf}
}

@article{lopez2009a,
  Title                    = {{The Design of an Audio Film: Portraying Story, Action and Interaction through Sound}},
  Author                   = {Lopez, M. J.},
  Journal                  = {The Journal of Music and Meaning},
  Year                     = {2009},
  Number                   = {July 2016},
  Volume                   = {8},

  File                     = {:home/mmxgn/Projects/Public/PhD/stage1/papers/LopezPaulettoJMMart{\_}8{\_}2{\_}2009.pdf:pdf},
  Keywords                 = {audio},
  Mendeley-tags            = {audio},
  Url                      = {http://scholar.google.com/scholar?hl=en{\&}btnG=Search{\&}q=intitle:The+Design+of+an+Audio+Film:+Portraying+Story,+Action+and+Interaction+through+Sound{\#}0}
}

@article{lopez2010,
  Title                    = {{The sound machine: a study in storytelling through sound design.}},
  Author                   = {Lopez, M. J. and Pauletto, S.},
  Journal                  = {Proceedings of the 5th Audio Mostly Conference on A Conference on Interaction with Sound - AM '10},
  Year                     = {2010},
  Number                   = {July},
  Pages                    = {1--8},

  Doi                      = {10.1145/1859799.1859808},
  File                     = {:home/mmxgn/Projects/Public/PhD/stage1/papers/a9-lopezPauletto Sound Machine.pdf:pdf},
  ISBN                     = {9781450300469},
  Keywords                 = {audio},
  Mendeley-tags            = {audio},
  Url                      = {http://portal.acm.org/citation.cfm?doid=1859799.1859808}
}

@article{mateas2005,
  Title                    = {{Structuring content in the Fa{\c{c}}ade interactive drama architecture}},
  Author                   = {Mateas, M. and Stern, A.},
  Journal                  = {Proceedings of the First Artificial Intelligence and Interactive Digital Entertainment Conference, June 1-5, 2005, Marina del Rey, California, USA},
  Year                     = {2005},
  Pages                    = {93--98},
  Volume                   = {3},

  Doi                      = {10.1.1.101.4192},
  File                     = {:home/mmxgn/.local/share/data/Mendeley Ltd./Mendeley Desktop/Downloaded/Mateas, Stern - 2005 - Structuring content in the Fa{\c{c}}ade interactive drama architecture.pdf:pdf},
  ISBN                     = {1577352351}
}

@article{mcdermott1998,
  Title                    = {{PDDL-the planning domain definition language}},
  Author                   = {et al McDermott, D.},
  Journal                  = {The AIPS-98 Planning},
  Year                     = {1998},

  Doi                      = {TR-98-003/DCS TR-1165},
  File                     = {:home/mmxgn/.local/share/data/Mendeley Ltd./Mendeley Desktop/Downloaded/McDermott - 1998 - PDDL-the planning domain definition language.pdf:pdf},
  Url                      = {http://www.citeulike.org/user/kira/article/4097279}
}

@article{mcintyre2010,
  Title                    = {{Plot Induction and Evolutionary Search for Story Generation}},
  Author                   = {McIntyre, N. and Lapata, M.},
  Year                     = {2010},
  Number                   = {July},
  Pages                    = {1562--1572},

  File                     = {:home/mmxgn/.local/share/data/Mendeley Ltd./Mendeley Desktop/Downloaded/McIntyre, Lapata - 2010 - Plot Induction and Evolutionary Search for Story Generation.pdf:pdf},
  ISBN                     = {9781617388088},
  Url                      = {http://www.aclweb.org/anthology/P10-1158}
}

@article{meehan1977,
  Title                    = {{TALE-SPIN, An Interactive Program that Writes Stories.}},
  Author                   = {Meehan, J.R.},
  Journal                  = {Ijcai},
  Year                     = {1977},
  Pages                    = {91--98},

  File                     = {:home/mmxgn/Documents/pdfs/10.1.1.74.173.pdf:pdf}
}

@article{oneill2014,
  Title                    = {{Dramatis: A Computational Model of Suspense.}},
  Author                   = {O'Neill, B. and Riedl, M.},
  Journal                  = {Aaai},
  Year                     = {2014},
  Number                   = {Zillmann 1996},
  Pages                    = {944--950},

  File                     = {:home/mmxgn/.local/share/data/Mendeley Ltd./Mendeley Desktop/Downloaded/O'Neill, Riedl - 2014 - Dramatis A Computational Model of Suspense.pdf:pdf},
  ISBN                     = {9781577356783},
  Keywords                 = {Humans and AI}
}

@article{Pauletto2009,
  Title                    = {{Integrating Theatrical Strategies into Sonic Interaction Design}},
  Author                   = {Pauletto, S. and and Hug, D. and and Barrass, S. and Luckhurst, M.},
  Journal                  = {Proc. Audio Mostly},
  Year                     = {2009},
  Number                   = {July 2016},
  Pages                    = {1--6},

  File                     = {:home/mmxgn/Projects/Public/PhD/stage1/papers/AudioMostlyPaulettoHugBarrassLuckhurstCameraReady.pdf:pdf},
  Keywords                 = {audio},
  Mendeley-tags            = {audio}
}

@article{Pease2011,
  Title                    = {{On impact and evaluation in computational creativity: A discussion of the Turing test and an alternative proposal}},
  Author                   = {Pease, A. and Colton, S.},
  Journal                  = {AISB 2011: Computing and Philosophy},
  Year                     = {2011},
  Pages                    = {15--22},

  File                     = {:home/mmxgn/.local/share/data/Mendeley Ltd./Mendeley Desktop/Downloaded/Pease, Colton - 2011 - On impact and evaluation in computational creativity A discussion of the Turing test and an alternative proposal.pdf:pdf},
  ISBN                     = {9781908187031 (ISBN)},
  Url                      = {http://www.scopus.com/inward/record.url?eid=2-s2.0-84863921254{\&}partnerID=40{\&}md5=d66940191c1907755d67b48d3c6267ae}
}

@article{perezyperez1999,
  Title                    = {{MEXICA: A Computer Model of Creativity in Writing}},
  Author                   = {{Perez y Perez}, R.},
  Year                     = {1999},
  Journal                  = {}
}

@article{porteous2010,
  Title                    = {{Applying planning to interactive storytelling}},
  Author                   = {Porteous, J. and and Cavazza, M. and Charles, F.},
  Journal                  = {ACM Transactions on Intelligent Systems and Technology},
  Year                     = {2010},
  Number                   = {2},
  Pages                    = {1--21},
  Volume                   = {1},

  Doi                      = {10.1145/1869397.1869399},
  File                     = {:home/mmxgn/.local/share/data/Mendeley Ltd./Mendeley Desktop/Downloaded/Porteous, Cavazza, Charles - 2010 - Applying planning to interactive storytelling.pdf:pdf},
  ISBN                     = {2157-6904},
  ISSN                     = {21576904}
}

@book{reeds2010,
  Title                    = {{Creating Interactive Fiction with Inform 7}},
  Author                   = {Reeds, A.},
  Publisher                = {Cengage Learning},
  Year                     = {2010}
}

@misc{regneri2011,
  Title                    = {{Experiments}},

  Author                   = {Regneri, M},
  Year                     = {2011},

  File                     = {:home/mmxgn/.local/share/data/Mendeley Ltd./Mendeley Desktop/Downloaded/Regneri - 2011 - Experiments.pdf:pdf}
}

@article{riedl2010,
  Title                    = {{Narrative planning: Balancing plot and character}},
  Author                   = {Riedl, M. O. and Young, R. M.},
  Journal                  = {Journal of Artificial Intelligence Research},
  Year                     = {2010},
  Pages                    = {217--268},
  Volume                   = {39},

  File                     = {:home/mmxgn/.local/share/data/Mendeley Ltd./Mendeley Desktop/Downloaded/Riedl, Young - 2010 - Narrative planning Balancing plot and character.pdf:pdf},
  ISBN                     = {1076-9757},
  ISSN                     = {10769757}
}

@article{Rocchesso2008,
  Title                    = {{Sonic Interaction Design: Sound, Information and Experience}},
  Author                   = {Rocchesso, D. and and Serafin, S. and and Behrendt, F. and and Bernardini, N. and and Bresin, R. and and Eckel, G. and and Franinovic, K. and and Hermann, T. and and Pauletto, S. and and Susini, P. and Visell, Y.},
  Journal                  = {CHI '08 Extended Abstracts on Human Factors in Computing Systems},
  Year                     = {2008},

  Doi                      = {10.1145/1358628.1358969},
  File                     = {:home/mmxgn/Downloads/3182.pdf:pdf},
  ISBN                     = {978-1-60558-012-8},
  ISSN                     = {9781605580128},
  Keywords                 = {audio},
  Mendeley-tags            = {audio},
  Url                      = {http://doi.acm.org/10.1145/1358628.1358969$\backslash$nhttp://dl.acm.org/citation.cfm?id=1358969}
}

@misc{sachs1978,
  Title                    = {{The Revenge}},

  Author                   = {Sachs, Andrew},
  Year                     = {1978},

  Keywords                 = {audio},
  Mendeley-tags            = {audio},
  Url                      = {http://www.bbc.co.uk/mediacentre/proginfo/2016/07/the-revenge}
}

@book{schank1977,
  Title                    = {{Scripts, Plans, Goals and Undestanding: an Inquiry into Human Knowledge Structures.}},
  Author                   = {{Schank, R. and Abelson}, R.},
  Publisher                = {Hillsdale, NJ: L. Erlbaum},
  Year                     = {1977}
}

@article{schank1975,
  Title                    = {{Scripts, Plans, and Knowledge}},
  Author                   = {Schank, R. C. and Abelson, R. P.},
  Journal                  = {Proceedings of the 4th International Joint Conference on Artificial Intelligence},
  Year                     = {1975},
  Pages                    = {151--157},

  File                     = {:home/mmxgn/Documents/pdfs/Schank-Abelson.pdf:pdf}
}

@article{schwitter2010,
  Title                    = {{Controlled Natural Languages for Knowledge Representation}},
  Author                   = {Schwitter, R.},
  Journal                  = {COLING '10, Proceedings of the 23rd International Conference on Computational Linguistics,},
  Year                     = {2010},
  Number                   = {August},
  Pages                    = {1113--1121},

  File                     = {:home/mmxgn/Projects/Public/PhD/stage1/papers/p1113-schwitter.pdf:pdf}
}

@book{shingler1998,
  Title                    = {{On air: methods and meanings of radio}},
  Author                   = {Shingler, M. and Wieringa, C.},
  Publisher                = {Arnold},
  Year                     = {1998},

  Keywords                 = {audio},
  Mendeley-tags            = {audio}
}

@article{Si2015,
  Title                    = {{Tell a Story About Anything}},
  Author                   = {Si, M.},
  Year                     = {2015},
  Pages                    = {1--2},

  File                     = {:home/mmxgn/Documents/pdfs/icids15{\_}Si{\_}with{\_}colore{\_}pic.pdf:pdf},
  Keywords                 = {data exploration,novelty,user preferences}
}

@article{swanson2012,
  Title                    = {{Say Anything}},
  Author                   = {Swanson, R. and Gordon, A. S.},
  Journal                  = {ACM Transactions on Interactive Intelligent Systems},
  Year                     = {2012},
  Number                   = {3},
  Pages                    = {1--35},
  Volume                   = {2},

  Doi                      = {10.1145/2362394.2362398},
  File                     = {:home/mmxgn/.local/share/data/Mendeley Ltd./Mendeley Desktop/Downloaded/Swanson, Gordon - 2012 - Say Anything.pdf:pdf},
  ISSN                     = {21606455},
  Url                      = {http://dl.acm.org/citation.cfm?doid=2362394.2362398}
}

@article{theune2003,
  Title                    = {{The Virtual Storyteller: Story Creation by Intelligent Agents}},
  Author                   = {Theune, M. and and Faas, S. and and Faas, E. and and Nijholt, A. and Heylen, D.},
  Journal                  = {Proceedings of the Technologies for Interactive Digital Storytelling and Entertainment (TIDSE) Conference},
  Year                     = {2003},
  Pages                    = {204--215},

  File                     = {:home/mmxgn/.local/share/data/Mendeley Ltd./Mendeley Desktop/Downloaded/Theune et al. - 2003 - The Virtual Storyteller Story Creation by Intelligent Agents.pdf:pdf},
  ISBN                     = {ISBN 3-8167-6276-X},
  Keywords                 = {*file-import-11-01-18,nlg},
  Url                      = {http://citeseerx.ist.psu.edu/viewdoc/summary?doi=10.1.1.12.5222}
}

@article{trentelman2009,
  Title                    = {{Survey of Knowledge Representation and Reasoning Systems}},
  Author                   = {Trentelman, K.},
  Journal                  = {Defence Science and Technology Organisation (DSTO)},
  Year                     = {2009},

  File                     = {:home/mmxgn/Projects/Public/PhD/stage1/papers/a508761.pdf:pdf},
  Keywords                 = {Artificial Intelligence,Expert systems,Knowledge},
  Url                      = {http://www.dtic.mil/dtic/tr/fulltext/u2/a508761.pdf}
}


@MasterThesis{piety2003,
Title = {Audio Description, A Visual Assistive Discourse: An Investigation into Language Used to Provide the Visually Disabled Access to Information in Electronic Texts.},
Author = {Piety, P.},
School = {Georgetown University},
Year = {2003}
}


@PhdThesis{turner1993,
  Title                    = {{Minstrel: A Computer Model of Creativity and Storytelling}},
  Author                   = {Turner, S.R.},
  School                   = {University of California at Los Angeles},
  Year                     = {1993},
  Type                     = {PhD Thesis}
}

@article{vanbroeckhoven2013,
  Title                    = {{ATTAC-L: A modeling language for educational virtual scenarios in the context of preventing cyber bullying}},
  Author                   = {{Van Broeckhoven}, F. and {De Troyer}, O.},
  Journal                  = {SeGAH 2013 - IEEE 2nd International Conference on Serious Games and Applications for Health, Book of Proceedings},
  Year                     = {2013},

  Doi                      = {10.1109/SeGAH.2013.6665300},
  File                     = {:home/mmxgn/.local/share/data/Mendeley Ltd./Mendeley Desktop/Downloaded/Van Broeckhoven, De Troyer - 2013 - ATTAC-L A modeling language for educational virtual scenarios in the context of preventing cyber bul.pdf:pdf},
  ISBN                     = {9781467361651},
  Keywords                 = {cyber bullying,domain specific modeling languages,serious games}
}

@article{velardo2016,
  Title                    = {{Beyond Anthropocentric Creativity: A General Framework for Describing Creative Systems}},
  Author                   = {Velardo, V. and Vallati, M},
  Journal                  = {International Conference on Tools with Artificial Intelligence},
  Year                     = {2016},
  Pages                    = {Under review}
}

@PhdThesis{weyhrauch1997,
  Title                    = {{Guiding Interactive Fiction}},
  Author                   = {Weyhrauch, P.},
  School                   = {Carnegie Mellon University},
  Year                     = {1997}
}

@article{wiggins2006,
  Title                    = {{Searching for computational creativity}},
  Author                   = {Wiggins, Geraint A.},
  Journal                  = {New Generation Computing},
  Year                     = {2006},
  Number                   = {3},
  Pages                    = {209--222},
  Volume                   = {24},

  Doi                      = {10.1007/BF03037332},
  File                     = {:home/mmxgn/.local/share/data/Mendeley Ltd./Mendeley Desktop/Downloaded/Wiggins - 2006 - Searching for computational creativity.pdf:pdf},
  ISBN                     = {0288-3635},
  ISSN                     = {02883635},
  Keywords                 = {Complexity,Computational creativity,Search}
}

@article{wiggins2006a,
  Title                    = {{A preliminary framework for description, analysis and comparison of creative systems}},
  Author                   = {Wiggins, G. A.},
  Journal                  = {Knowledge-Based Systems},
  Year                     = {2006},
  Number                   = {7},
  Pages                    = {449--458},
  Volume                   = {19},

  Doi                      = {10.1016/j.knosys.2006.04.009},
  File                     = {:home/mmxgn/Downloads/10.1.1.581.5208.pdf:pdf},
  ISSN                     = {09507051}
}

@article{winston2014,
  Title                    = {{by Vision : a distinguishing difference and a shared substrate Steps : Specify behavior , develop representations , build Genesis What Genesis models}},
  Author                   = {Winston, P. H.},
  Year                     = {2014},
  Number                   = {019},

  File                     = {:home/mmxgn/.local/share/data/Mendeley Ltd./Mendeley Desktop/Downloaded/Winston - 2014 - by Vision a distinguishing difference and a shared substrate Steps Specify behavior , develop representations , build.pdf:pdf}
}

@InProceedings{winston2008,
  Title                    = {{The Strong Story Hypothesis and the Dynamic Commonsense Hypothesis}},
  Author                   = {Winston, P. H.},
  Booktitle                = {Proceedings of the AAAI Fall Symposium on Advances in Cognitive Systems},
  Year                     = {2008},

  File                     = {:home/mmxgn/.local/share/data/Mendeley Ltd./Mendeley Desktop/Downloaded/Winston - 2008 - The Strong Story Hypothesis and the Dynamic Commonsense Hypothesis.pdf:pdf}
}

@misc{oxforddict,
  Title                    = {{Oxford Dictionary (Online)}}
}

@book{rattigan2002,
  title={Theatre of Sound: Radio and the Dramatic Imagination},
  author={Rattigan, Dermot},
  year={2002},
  publisher={Carysfort Pr}
}

@misc{enhancingaudiodescription,
  title = {{E}nhancing {A}udio {D}escription},
  howpublished = {\url{http://enhancingaudiodescription.com/}},
  note = {Accessed: July 14, 2016}
}

@inproceedings{colton2011,
  title={Computational creativity theory: The FACE and IDEA descriptive models},
  author={Colton, Simon and Pease, A and Charnley, J},
  booktitle={Proceedings of the Second International Conference on Computational Creativity},
  pages={90--95},
  year={2011}
}

@article{mumford2003,
  title={Where have we been, where are we going? Taking stock in creativity research},
  author={Mumford, Michael D},
  journal={Creativity research journal},
  volume={15},
  number={2-3},
  pages={107--120},
  year={2003},
  publisher={Taylor \& Francis}
}

@article{wallas1926,
  title={The art of thought.},
  author={Wallas, Graham},
  year={1926},
  publisher={London}
}

@article{diaz2011,
  title={Composing with Melomics: Delving into the computational world for musical inspiration},
  author={Diaz-Jerez, Gustavo},
  journal={Leonardo Music Journal},
  volume={21},
  pages={13--14},
  year={2011},
  publisher={MIT Press}
}

@book{sternberg1999,
  title={Handbook of creativity},
  author={Sternberg, Robert J},
  year={1999},
  publisher={Cambridge University Press}
}

@inproceedings{singh2002,
  title={Open Mind Common Sense: Knowledge acquisition from the general public},
  author={Singh, Push and Lin, Thomas and Mueller, Erik T and Lim, Grace and Perkins, Travell and Zhu, Wan Li},
  booktitle={OTM Confederated International Conferences" On the Move to Meaningful Internet Systems"},
  pages={1223--1237},
  year={2002},
  organization={Springer}
}

@inproceedings{tearse2010,
  title={Minstrel Remixed: Procedurally Generating Stories.},
  author={Tearse, Brandon Robert and Wardrip-Fruin, Noah and Mateas, Michael},
  booktitle={AIIDE},
  year={2010}
}

@inproceedings{dehn1981,
  title={Story Generation After TALE-SPIN.},
  author={Dehn, Natlie},
  booktitle={IJCAI},
  volume={81},
  pages={16--18},
  year={1981}
}

@inproceedings{gervas2006a,
  title={Narrative models: Narratology meets artificial intelligence},
  author={Gerv{\'a}s, Pablo and L{\"o}nneker-Rodman, Birte and Meister, Jan Christoph and Peinado, Federico},
  booktitle={Proceedings of the LREC},
  year={2006}
}

@phdthesis{oneill2013,
  title={A computational model of suspense for the augmentation of intelligent story generation},
  author={O’Neill, Brian},
  year={2013},
  school={Georgia Institute of Technology}
}

@article{niehaus2014,
  title={Cognitive models of discourse comprehension for narrative generation},
  author={Niehaus, James and Young, R Michael},
  journal={Literary and Linguistic Computing},
  volume={29},
  number={4},
  pages={561--582},
  year={2014},
  publisher={ALLC}
}

@article{lebowitz1985,
  title={Story-telling as planning and learning},
  author={Lebowitz, Michael},
  journal={Poetics},
  volume={14},
  number={6},
  pages={483--502},
  year={1985},
  publisher={Elsevier}
}
@article{bach:arxiv15,
  Title = {Hinge-Loss Markov Random Fields and Probabilistic Soft Logic},
  Author = {Bach, Stephen H. and Broecheler, Matthias and Huang, Bert and Getoor, Lise},
  Volume = {arXiv:1505.04406 [cs.LG]},
  Year = {2015}
}

@book{bishop2007,
  title={Pattern Recognition and Machine Learning (Information Science and Statistics), 1st edn. 2006. corr. 2nd printing edn},
  author={Bishop, C},
  year={2007},
  publisher={Springer, New York}
}

@article{goemans1994,
  title={New 34-approximation algorithms for the maximum satisfiability problem},
  author={Goemans, Michel X and Williamson, David P},
  journal={SIAM Journal on Discrete Mathematics},
  volume={7},
  number={4},
  pages={656--666},
  year={1994},
  publisher={SIAM}
}

@article{zhu1994,
  title={L-BFGS-B: a limited memory FORTRAN code for solving bound constrained optimization problems},
  author={Zhu, Ciyou and Byrd, Richard H and Lu, Peihuang and Nocedal, Jorge},
  journal={EECS Department, Northwestern University, Evanston, IL, Technical Report No. NAM-11},
  year={1994}
}

@inproceedings{morales2003,
  title={Scaling up reinforcement learning with a relational representation},
  author={Morales, Eduardo F},
  booktitle={Proc. of the Workshop on Adaptability in Multi-agent Systems},
  pages={15--26},
  year={2003},
  organization={Citeseer}
}

@article{morales1997,
  title={PAL: A pattern-based first-order inductive system},
  author={Morales, Eduardo F},
  journal={Machine Learning},
  volume={26},
  number={2-3},
  pages={227--252},
  year={1997},
  publisher={Springer}
}

@inproceedings{dvzeroski1998,
  title={Relational reinforcement learning},
  author={D{\v{z}}eroski, Sa{\v{s}}o and De Raedt, Luc and Blockeel, Hendrik},
  booktitle={International Conference on Inductive Logic Programming},
  pages={11--22},
  year={1998},
  organization={Springer}
}


@book{muggleton1992,
  title={Inductive logic programming},
  author={Muggleton, Stephen and Otero, Ramon and Tamaddoni-Nezhad, Alireza},
  volume={38},
  year={1992},
  publisher={Springer}
}

@book{aimodernapproach2,
 author = {Russell, S. J. and Norvig, P.},
 title = {Artificial Intelligence: A Modern Approach},
 year = {2003},
 edition = {2},
 publisher = {Pearson Education},
}

@InProceedings{seetharaman2014,
  Title                    = {Crowdsourcing a Reverberation Descriptor Map},
  Author                   = {Seetharaman, P. and Pardo, B.},
  Booktitle                = {22nd ACM Int. Conf. on Multimedia.},
  Year                     = 2014,

  Owner                    = {mmxgn},
  Timestamp                = {2015.11.24}
}

@InProceedings{stables2014,
  Title                    = {SAFE: A System for the Extraction and Retrieval of Semantic Audio Descriptors},
  Author                   = {Stables, R. and others},
  Booktitle                = {Int. Soc. Mus. Inf. Retr. (ISMIR)},
  Year                     = {2014},

  Owner                    = {mmxgn},
  Timestamp                = {2015.07.12}
}

@inproceedings{chourdakis2016,
  title={Automatic Control of a Digital Reverberation Effect using Hybrid Models},
  author={Chourdakis, E. T. and Reiss, J. D.},
  booktitle={60th Audio Eng. Soc. Conf.: DREAMS},
  year={2016},
  organization={Audio Engineering Society}
}

@article{chourdakis2016journal,
  title={A machine learning approach to application of
intelligent artificial reverberation},
  author={Chourdakis, E.T. and Reiss, J.D.},
  journal={Journal of the audio engineering society (DREAMS Special Issue) -- Under review},
  volume={January-February},
  year=2017,
}

@inproceedings{lintean2009paraphrase,
  title={Paraphrase identification using weighted dependencies and word semantics},
  author={Lintean, Mihai and Rus, Vasile},
  booktitle={Proceedings of the 22nd FLAIRS},
  year={2009}
}

@inproceedings{he2015deep,
author = {He, Ji and others},
title = {Deep Reinforcement Learning with a Natural Language Action Space},
booktitle = {Proceedings of the 54th Annual Meeting of the ACL},
year = {2016},
}
@misc{plappert2016kerasrl,
    author = {Matthias Plappert},
    title = {keras-rl},
    year = {2016},
    publisher = {GitHub},
    journal = {GitHub repository},
    howpublished = {\url{https://github.com/matthiasplappert/keras-rl}},
}

@book{sutton1998reinforcement,
 author = {Sutton, Richard S. and Barto, Andrew G.},
 title = {Introduction to Reinforcement Learning},
 year = {1998},
 edition = {1st},
 publisher = {MIT Press},
 
}

@inproceedings{lillicrap2015continuous,
  title={Continuous control with deep reinforcement learning},
  author={Lillicrap, Timothy P and others},
  booktitle={Proceedings of ICLR},
  year={2016}
}

@inproceedings{silver2014deterministic,
  title={Deterministic policy gradient algorithms},
  author={Silver, David others},
  booktitle={Proceedings of the 31st International Conference on Machine Learning (ICML-14)},
  pages={387--395},
  year={2014}
}

@inproceedings{schuster2016enhanced,
  title={Enhanced english universal dependencies: An improved representation for natural language understanding tasks},
  author={Schuster, Sebastian and others},
  booktitle={Proceedings of the Tenth International Conference on Language Resources and Evaluation},
  year={2016}
}

@inproceedings{nivre2016universal,
  title={Universal dependencies v1: A multilingual treebank collection},
  author={Nivre, Joakim and others},
  booktitle={Proceedings of the 10th ICLRE },
  year={2016}
}

@inproceedings{chen2014fast,
  title={A Fast and Accurate Dependency Parser using Neural Networks.},
  author={Chen, Danqi and Manning, Christopher D},
  booktitle={Proceedings of the EMNLP},
  year={2014}
}

@inproceedings{leon2014creativity,
  title={Creativity in story generation from the ground up: Nondeterministic simulation driven by narrative},
  author={Le{\'o}n, Carlos and Gerv{\'a}s, Pablo},
  booktitle={Proceedings of the 5th ICCC},
  year={2014}
}

@article{wiggins2006preliminary,
  title={A preliminary framework for description, analysis and comparison of creative systems},
  author={Wiggins, Geraint A},
  journal={Knowledge-Based Systems},
  volume={19},
  number={7},
  pages={449--458},
  year={2006},
}

@inproceedings{colton2012computational,
  title={Computational creativity: The final frontier?},
  author={Colton, Simon and Wiggins, Geraint A},
  booktitle={Proceedings of the 20th ECAI}
}

@inproceedings{riedl2016using,
  title={Using stories to teach human values to artificial agents},
  author={Riedl, Mark O and Harrison, Brent},
  booktitle={Workshops at the 30th AAAI Conference},
  year={2016}
}

@inproceedings{mcintyre2010plot,
  title={Plot induction and evolutionary search for story generation},
  author={McIntyre, Neil and Lapata, Mirella},
  booktitle={Proceedings of the 48th Annual Meeting of the ACL},
  year={2010},
}

@inproceedings{mcintyre2009learning,
  title={Learning to tell tales: A data-driven approach to story generation},
  author={McIntyre, Neil and Lapata, Mirella},
  booktitle={Proceedings of ACL-IJCNLP},
  pages={217--225},
  year={2009},
  organization={ACL}
}

@article{francisco2007emotag,
  title={Emotag: Automated mark up of affective information in texts},
  author={Francisco, Virginia and Herv{\'a}s, Raquel},
  journal={Proceedings of Doctoral Consortium at the 8th EUROLAN summer school},
  year={2007}
}

@inproceedings{wen2015semantically,
  title={Semantically conditioned lstm-based natural language generation for spoken dialogue systems},
  author={Wen, Tsung-hsien and others},
  booktitle={In Proceedings of EMNLP},
  year={2015},
  organization={Citeseer}
}

@inproceedings{kobayashi2016human,
  title={Human-like Natural Language Generation Using Monte Carlo Tree Search},
  author={ Kaori Kumagai and others},
  booktitle={Proceedings of CC-NLG},
  year={2016}
}