@inproceedings{chen2014fast,
	title = {A {Fast} and {Accurate} {Dependency} {Parser} using {Neural} {Networks}.},
	booktitle = {Proceedings of the {EMNLP}},
	author = {Chen, Danqi and Manning, Christopher D},
	year = {2014},
}

@inproceedings{francisco2007emotag,
	title = {Emotag: {Automated} mark up of affective information in texts},
	booktitle = {Proceedings of {Doctoral} {Consortium} at the 8th {EUROLAN} summer school},
	author = {Francisco, Virginia and Hervás, Raquel},
	year = {2007},
}

@inproceedings{he2015deep,
	title = {Deep {Reinforcement} {Learning} with a {Natural} {Language} {Action} {Space}},
	booktitle = {Proceedings of the 54th {Annual} {Meeting} of the {ACL}},
	author = {He, Ji and {others}},
	year = {2016},
}

@inproceedings{kobayashi2016human,
	title = {Human-like {Natural} {Language} {Generation} {Using} {Monte} {Carlo} {Tree} {Search}},
	booktitle = {The {INLG} 2016 {Workshop} on {Computational} {Creativity} in {Natural} {Language} {Generation}},
	author = {Kobayashi, Kaori Kumagai Ichiro and Mochihashi, Daichi and Asoh, Hideki and Nagai, Tomoaki Nakamura Takayuki},
	pages = {11}
}

@inproceedings{leon2014creativity,
	title = {Creativity in story generation from the ground up: {Nondeterministic} simulation driven by narrative},
	booktitle = {Proceedings of the 5th {ICCC}},
	author = {León, Carlos and Gervás, Pablo},
	year = {2014},
}

@inproceedings{liStory2013,
	title = {Story {Generation} with {Crowdsourced} {Plot} {Graphs}},
	url = {http://www.cc.gatech.edu/ riedl/pubs/aaai13.pdf},
	booktitle = {Proceedings of the {Twenty}-{Seventh} {AAAI} {Conference} on {Artificial} {Intelligence}},
	author = {Li, B. and and Lee-Urban, S. and and Johnston, G. and Riedl, M. O.},
	year = {2013},
	keywords = {Technical, Track},
	pages = {598--604}
}

@inproceedings{lillicrap2015continuous,
	title = {Continuous control with deep reinforcement learning},
	booktitle = {Proceedings of {ICLR}},
	author = {Lillicrap, Timothy P and {others}},
	year = {2016}
}

@inproceedings{lintean2009paraphrase,
	title = {Paraphrase identification using weighted dependencies and word semantics},
	booktitle = {Proceedings of the 22nd {FLAIRS}},
	author = {Lintean, Mihai and Rus, Vasile},
	year = {2009}
}

@inproceedings{mcintyre2009learning,
	title = {Learning to tell tales: {A} data-driven approach to story generation},
	booktitle = {Proceedings of {ACL}-{IJCNLP}},
	publisher = {ACL},
	author = {McIntyre, Neil and Lapata, Mirella},
	year = {2009},
	pages = {217--225}
}

@inproceedings{mcintyre2010plot,
	title = {Plot induction and evolutionary search for story generation},
	booktitle = {Proceedings of the 48th {Annual} {Meeting} of the {ACL}},
	author = {McIntyre, Neil and Lapata, Mirella},
	year = {2010}
}

@inproceedings{mikolov2013efficient,
	title = {Efficient estimation of word representations in vector space},
	booktitle = {Proceedings of {ICLR}},
	author = {Mikolov, Tomas and {others}},
	year = {2013},
}

@article{miller1995wordnet,
	title = {{WordNet}: {A} {Lexical} {Database} for {English}.},
	volume = {38},
	number = {11},
	journal = {Communications of the ACM},
	author = {Miller, G. A.},
	year = {1995}
}

@article{mnih2015human,
	title = {Human-level control through deep reinforcement learning},
	volume = {518},
	number = {7540},
	journal = {Nature},
	author = {Mnih, Volodymyr and {others}},
	year = {2015},
	pages = {529--533}
}

@inproceedings{narasimhan2015language,
	title = {Language understanding for text-based games using deep reinforcement learning},
	booktitle = {Proceedings of {CEMNLP}},
	author = {Narasimhan, Karthik and {others}},
	year = {2015}

@inproceedings{nivre2016universal,
	title = {Universal dependencies v1: {A} multilingual treebank collection},
	booktitle = {Proceedings of the 10th {ICLRE}},
	author = {Nivre, Joakim and {others}},
	year = {2016}
}

@inproceedings{riedl2016using,
	title = {Using stories to teach human values to artificial agents},
	booktitle = {Workshops at the 30th {AAAI} {Conference}},
	author = {Riedl, Mark O and Harrison, Brent},
	year = {2016}
}

@book{sutton1998reinforcement,
	edition = {1st},
	title = {Introduction to {Reinforcement} {Learning}},
	volume = {135},
	publisher = {MIT Press},
	author = {Sutton, Richard S. and Barto, Andrew G.},
	year = {1998}
}
