
@inproceedings{lillicrap2015continuous,
	title = {Continuous control with deep reinforcement learning},
	booktitle = {Proceedings of {ICLR}},
	author = {Lillicrap, Timothy Paul and Hunt, Jonathan James and Pritzel, Alexander and Heess, Nicolas Manfred Otto and Erez, Tom and Tassa, Yuval and Silver, David and Wierstra, Daniel Pieter},
	month = jul,
	year = {2016},	
}
